<?xml version="1.0" encoding="UTF-8"?><collection xmlns="http://www.loc.gov/MARC21/slim"><record><leader>00511nam--2200169-i-4500</leader><controlfield tag="001">000039811</controlfield><controlfield tag="002">20161230</controlfield><controlfield tag="005">20161230201042</controlfield><controlfield tag="008">060222s1000------------r-----000-0-ger-d</controlfield><datafield ind1=" " ind2=" " tag="041"><subfield code="a">ger</subfield></datafield><datafield ind1=" " ind2=" " tag="080"><subfield code="a">537.222.2(043)</subfield></datafield><datafield ind1="1" ind2=" " tag="100"><subfield code="a">Ruden,Peter Paul</subfield></datafield><datafield ind1="1" ind2="0" tag="245"><subfield code="a">Dielektrische antwort von halbleitern mit eindimensionaler periodischer uberstruktur</subfield><subfield code="b">Dissertation</subfield><subfield code="c">Peter paul ruden</subfield></datafield><datafield ind1=" " ind2=" " tag="260"><subfield code="a">Stuttgart</subfield><subfield code="b">Universitat Stuttgart</subfield><subfield code="c">1983</subfield></datafield><datafield ind1=" " ind2=" " tag="300"><subfield code="a">92 P</subfield></datafield><datafield ind1=" " ind2=" " tag="852"><subfield code="a">70894</subfield><subfield code="c">537.226</subfield></datafield><datafield ind1=" " ind2=" " tag="CAT"><subfield code="a">Sys</subfield><subfield code="c">20110707</subfield><subfield code="h">102937</subfield></datafield></record></collection>